
@Article{	  kottweight,
  author	= "Phillip S. Kott",
  journal	= "Survey Research Methods",
  number	= "1",
  pages		= "11--18",
  title		= "Clarifying Some Issues in the Regression Analysis of
		  Survey Data",
  volume	= "1",
  year		= "2007"
}


@Article{	  winship94,
  title		= {Sampling Weights and Regression Analysis},
  journal	= {Sociological Methods \& Research},
  year		= {1994},
  pages		= {230--257},
  author	= {Christopher Winship and Larry Radbill}
}

@Article{	  gelman2007,
  author	= "Gelman, Andrew",
  journal	= "Statistical Science",
  number	= "2",
  pages		= "153--164",
  title		= "Struggles with Survey Weighting and Regression Modeling",
  volume	= "22",
  year		= "2007"
}


@article{oreskes2004,
  title={The scientific consensus on climate change},
  author={Oreskes, Naomi},
  journal={Science},
  volume={306},
  number={5702},
  pages={1686--1686},
  year={2004},
  publisher={American Association for the Advancement of Science}
}



@article{mccarthy2001impacts,
  title={Impacts, Adaptation and vulnerability},
  author={McCarthy, James J and Canziani, OK and Leary, Neil A and Dokken, David J and White, KS},
  journal={Third Assessment Report of the Intergovernmental panel on climate change, working Group},
  volume={2},
  year={2001}
}


@article{DesGreenstone2007,
Author = {DeschÃªnes, Olivier and Greenstone, Michael},
Title = {The Economic Impacts of Climate Change: Evidence from Agricultural Output and Random Fluctuations in Weather},
Journal = {American Economic Review},
Volume = {97},
Number = {1},
Year = {2007},
Pages = {354-385}}







@article {Hsiang2013,
	author = {Hsiang, Solomon M. and Burke, Marshall and Miguel, Edward},
	title = {Quantifying the Influence of Climate on Human Conflict},
	volume = {341},
	number = {6151},
	year = {2013},
	journal = {Science}
}






@article {Balcombe2015,
author = {Balcombe, K. and Fraser, I.},
title = {Parametric Preference Functionals Under Risk in the Gain Domain: A Bayesian Analysis},
journal = {J Risk Uncertain},
 volume = {50},
   year = {2015}
   pages = {161--187},
}


  	      @BOOK{Seneviratne2012,
	author	= "Seneviratne, S.I. and N. Nicholls and D. Easterling and C.M. Goodess and S. Kanae and J. Kossin and Y. Luo and J. Marengo, K. McInnes and M. Rahimi and M. Reichstein and A. Sorteberg and C. Vera and X. Zhang",
	title	= "\emph{\enquote{Changes in Climate Extremes and Their Impacts on the Natural Physical Environment.} In:} Managing the Risks of Extreme Events and Disasters to Advance Climate Change Adaptation [Field, C.B., V. Barros, T.F. Stocker, D. Qin, D.J. Dokken, K.L. Ebi, M.D. Mastrandrea, K.J. Mach, G.-K. Plattner, S.K. Allen, M. Tignor, and P.M. Midgley (eds.)].  A Special Report of Working Groups I and II of the Intergovernmental Panel on Climate Change (IPCC)",
	publisher= "Cambridge University Press",
	  year = "2012"
	}
	    
      
      
  
   @BOOK{IPCC5,
	author	= {J. Hinkel and P. P. Wong and I. J. Losada and J. P. Gattuso and A. Khattabi and K. L. McInnes},
	title	= {\emph{\enquote{Coastal Systems and Low-Lying Areas.} In:} Climate Change 2014: Impacts, Adaptation and Vulnerability, Part A: Global and Sectoral Aspects. Contribution of Working Group 2 to the Fifth Assessment Report of the Intergovernmental Panel on Climate Change},
	pages	= {361-409},
	publisher= {Cambridge University Press},
	  year = {2014}
	}   
   
@BOOK{IPCC5WG1,
	author	= {Church, J. A. and P. U. Clark and A. Cazenave and J. M. Gregory and S. Jevrejeva and A. Levermann and M. A. Merrifield and G. A. Milne, R.S. Nerem and P. D. Nunn and A. J. Payne and W. T. Pfeffer and D. Stammer and A. S. Unnikrishnan},
	title	= {\emph{\enquote{Sea Level Change.} In:} Climate Change 2013: Impacts, Adaptation and Vulnerability, Part A: The Physical Science Basis. Contribution of Working Group 1 to the Fifth Assessment Report of the Intergovernmental Panel on Climate Change},
	publisher= {Cambridge University Press},
	  year = {2014}
	}
	
	
@TECHREPORT{Pew2012,
author = {Pew},
title = {More Say There is Solid Evidence of Global Warming},
year = {2012},
institution = {Washington, DC: Pew Research Center for the People {\&} the Press},
url = {http://www.people-press.org/files/legacy-pdf/10-15-12%20Global%20Warming%20Release.pdf}
}








@article {leiserowitz2012,
author = {Leiserowitz, A. and Maibach, E.and Roser-Renouf, C. and  Feinberg, G. and Howe, P},
title = {Climate change in the American mind: American's global warming beliefs and attitudes in September, 2012},
journal = {Yale 
University and George Mason University},
year = {2012},
}

@article {HamiltonKeim2009,
author = {Hamilton, Lawrence C. and Keim, Barry D.},
title = {Regional variation in perceptions about climate change},
journal = {International Journal of Climatology},
volume = {29},
number = {15},
pages = {2348--2352},
year = {2009},
}


@article{HeckmanR,
   author = {Ott Toomet and Arne Henningsen},
   title = {Sample Selection Models in R: Package sampleSelection},
   journal = {Journal of Statistical Software, Articles},
   volume = {27},
   number = {7},
   year = {2008},
   issn = {1548-7660},
   pages = {1--23},
}



@article{Leiserowitz2013,
author = {Anthony A. Leiserowitz and Edward W. Maibach and Connie Roser-Renouf and Nicholas Smith and Erica Dawson},
title = {Climategate, Public Opinion, and the Loss of Trust},
journal = {American Behavioral Scientist},
volume = {57},
number = {6},
pages = {818-837},
year = {2013},
}




@article {Kahan2007,
author = {Kahan, Dan M. and Braman, Donald and Gastil, John and Slovic, Paul and Mertz, C. K.},
title = {Culture and Identity-Protective Cognition: Explaining the White-Male Effect in Risk Perception},
journal = {Journal of Empirical Legal Studies},
volume = {4},
number = {3},
publisher = {Blackwell Publishing Inc},
pages = {465--505},
year = {2007},
}






@article{Hayes2001gender,
 author = {Bernadette C. Hayes},
 journal = {Political Research Quarterly},
 number = {3},
 pages = {657-671},
 publisher = {[University of Utah, Sage Publications, Inc.]},
 title = {Gender, Scientific Knowledge, and Attitudes toward the Environment: A Cross-National Analysis},
 volume = {54},
 year = {2001}
}







@article{voors2012violent,
  title={Violent conflict and behavior: a field experiment in Burundi},
  author={Voors, Maarten J and Nillesen, Eleonora EM and Verwimp, Philip and Bulte, Erwin H and Lensink, Robert and Van Soest, Daan P},
  journal={The American Economic Review},
  volume={102},
  number={2},
  pages={941--964},
  year={2012},
  publisher={American Economic Association}
}



@article{Frederick2005,
 author = {Shane Frederick},
 journal = {The Journal of Economic Perspectives},
 number = {4},
 pages = {25-42},
 publisher = {American Economic Association},
 title = {Cognitive Reflection and Decision Making},
 volume = {19},
 year = {2005}
}




@article{lusardi2014,
  title={The Economic Importance of Financial Literacy: Theory and Evidence},
  author={Lusardi, Annamaria and Mitchell, Olivia S},
  journal={Journal of Economic Literature},
  volume={52},
  number={1},
  pages={5--44},
  year={2014},
  publisher={American Economic Association}
}



@article{samuelson1956,
  title={Social Indifference Curves},
  author={Samuelson, Paul A},
  journal={The Quarterly Journal of Economics},
  volume={70},
  number={1},
  pages={1--22},
  year={1956},
  publisher={MIT Press}
}

@article{bergson1954,
  title={On the Concept of Social Welfare},
  author={Bergson, Abram},
  journal={The Quarterly Journal of Economics},
  pages={233--252},
  year={1954},
  publisher={JSTOR}
}


@article{bergson1938,
 author = {Abram Bergson},
 journal = {The Quarterly Journal of Economics},
 number = {2},
 pages = {310-334},
 publisher = {Oxford University Press},
 title = {A Reformulation of Certain Aspects of Welfare Economics},
 volume = {52},
 year = {1938}
}



 
 
   @Article{Wasserman2009,
author="Larry Wasserman and Kathryn Roeder",
title="High-Dimensional Variable Selection",
journal="The Annals of Statistics",
year="2009",
volume="37",
number="5A",
pages="2178--2201",
}

 
 
  @Article{McCright2010,
author="McCright, Aaron M.",
title="The Effects of Gender on Climate Change Knowledge and Concern in the American Public",
journal="Population and Environment",
year="2010",
volume="32",
number="1",
pages="66--87",
}


@article {Flynn1994,
author = {Flynn, James and Slovic, Paul and Mertz, C. K.},
title = {Gender, Race, and Perception of Environmental Health Risks},
journal = {Risk Analysis},
volume = {14},
number = {6},
publisher = {Blackwell Publishing Ltd},
pages = {1101--1108},
keywords = {Gender, Race, Risk Perception, Environmental Equity},
year = {1994},
}

  
  @Manual{RRRR,
    title = {R: A Language and Environment for Statistical Computing},
    author = {{R Core Team}},
    organization = {R Foundation for Statistical Computing},
    address = {Vienna, Austria},
    year = {2017},
    url = {https://www.R-project.org/},
  }



@article{Friedman2010,
   author = {Jerome Friedman and Trevor Hastie and Rob Tibshirani},
   title = {Regularization Paths for Generalized Linear Models via Coordinate Descent},
   journal = {Journal of Statistical Software, Articles},
   volume = {33},
   number = {1},
   year = {2010},
   pages = {1--22}
}



@article{Flack1987,
 author = {Virginia F. Flack and Potter C. Chang},
 journal = {The American Statistician},
 number = {1},
 pages = {84-86},
 publisher = {[American Statistical Association, Taylor & Francis, Ltd.]},
 title = {Frequency of Selecting Noise Variables in Subset Regression Analysis: A Simulation Study},
 volume = {41},
 year = {1987}
}




@article{Austin2008,
author = { Peter   C.   Austin},
title = {The Large-Sample Performance of Backwards Variable Elimination},
journal = {Journal of Applied Statistics},
volume = {35},
number = {12},
pages = {1355-1370},
year = {2008},
}


@book{statisHighDimData,
  title={Statistics for High-Dimensional Data: Methods, Theory and Applications},
  author={B{\"u}hlmann, Peter and Van De Geer, Sara},
  year={2011},
  publisher={Springer Science \& Business Media}
}


@ARTICLE{Yuan06,
    author = {Ming Yuan and Yi Lin},
    title = {Model Selection and Estimation in Regression with Grouped Variables},
    journal = {JOURNAL OF THE ROYAL STATISTICAL SOCIETY, SERIES B},
    year = {2006},
    volume = {68},
    pages = {49--67}
}




@article{pValsLasso,
 author = {Nicolai Meinshausen and Lukas Meier and Peter BÃ¼hlmann},
 journal = {Journal of the American Statistical Association},
 number = {488},
 pages = {1671-1681},
 publisher = {[American Statistical Association, Taylor & Francis, Ltd.]},
 title = {p-Values for High-Dimensional Regression},
 volume = {104},
 year = {2009}
}





@article{tibshirani96,
  author = {Tibshirani, R.},
  journal = {Journal of the Royal Statistical Society (Series B)},
  pages = {267-288},
  title = {Regression Shrinkage and Selection via the Lasso},
  volume = 58,
  year = 1996
}




@ARTICLE{Efron2011LARS,
    author = {Bradley Efron and Trevor Hastie and Iain Johnstone and Robert Tibshirani},
    title = {Least Angle Regression},
    journal = {Annals of Statistics},
    year = {2004},
    volume = {32},
    pages = {407--499}
}





@article{WHITMARSH2011,
author = "Lorraine Whitmarsh",
title = "Scepticism and uncertainty about climate change: Dimensions, determinants and change over time",
journal = "Global Environmental Change",
volume = "21",
number = "2",
pages = "690 - 700",
year = "2011"
}




@article {WhatPplKnow94,
author = {Read, Daniel and Bostrom, Ann and Morgan, M. Granger and Fischhoff, Baruch and Smuts, Tom},
title = {What Do People Know About Global Climate Change? 2. Survey Studies of Educated Laypeople},
journal = {Risk Analysis},
volume = {14},
number = {6},
publisher = {Blackwell Publishing Ltd},
url = {http://dx.doi.org/10.1111/j.1539-6924.1994.tb00066.x},
pages = {971--982},
keywords = {Climate change, global warming, risk communication, public understanding},
year = {1994},
}









@article{murphy2011SVO,
  title={Measuring Social Value Orientation},
  author={Murphy, Ryan O and Ackermann, Kurt A and Handgraaf, Michel JJ},
  journal={Judgment and Decision Making},
  volume={6},
  number={8},
  pages={771--781},
  year={2011}
}





@article{tanaka2010riskTime,
  title={Risk and Time Preferences: Linking Experimental and Household Survey Data from Vietnam},
  author={Tanaka, Tomomi and Camerer, Colin F and Nguyen, Quang},
  journal={The American Economic Review},
  volume={100},
  number={1},
  pages={557--571},
  year={2010},
  publisher={American Economic Association}
}




@article{ifcher2011,
  title={Happiness and Time Preference: The Effect of Positive Affect in a Random-Assignment Exper},
  author={Ifcher, John and Zarghamee, Homa},
  journal={The American Economic Review},
  volume={101},
  number={7},
  pages={3109--3129},
  year={2011},
  publisher={American Economic Association}
}






@TECHREPORT{SurveyUK,
title = {A survey of the UK population on public policy},
author = {Dolton, Peter and Tol, Richard},
year = {2016},
institution = {Department of Economics, University of Sussex},
type = {Working Paper Series},
url = {http://EconPapers.repec.org/RePEc:sus:susewp:08416}
}







@article{reynolds2010now,
  title={Now What Do People Know about Global Climate Change? Survey Studies of Educated Laypeople},
  author={Reynolds, Travis William and Bostrom, Ann and Read, Daniel and Morgan, M Granger},
  journal={Risk analysis},
  volume={30},
  number={10},
  pages={1520--1538},
  year={2010},
  publisher={Wiley Online Library}
}






@Article{Hamilton2011,
author="Hamilton, Lawrence C.",
title="Education, Politics and Opinions About Climate Change Evidence for Interaction Effects",
journal="Climatic Change",
year="2011",
volume="104",
number="2",
pages="231--242"
}





  @ARTICLE{PubBias,
   author = "Stanley, Tom D.",
   title = "Beyond Publication Bias",
   journal = "Journal of Economic Surveys",
   volume = 19,
pages = "309-345",
   year = "2005"
   }
 

@article{Cook2013COnsensus,
  author={John Cook and Dana Nuccitelli and Sarah A Green and Mark Richardson and BÃ¤rbel Winkler and Rob Painting and Robert Way and Peter
Jacobs and Andrew Skuce},
  title={Quantifying the Consensus on Anthropogenic Global Warming in the Scientific Literature},
  journal={Environmental Research Letters},
  volume={8},
  number={2},
  pages={024024},
  year={2013}
}
	

  @ARTICLE{TerrorClimate,
   author = "Cass R. Sunstein",
   title = "On the Divergent {A}merican Reactions to Terrorism and Climate Change",
   journal = "Columbia L. Rev.",
   volume = 107,
pages = "503-557",
   year = "2007"
   }
 
 
 
 @ARTICLE{Kellstedt2008,
   author = "Kellstedt, Paul M. and Sammy Zahran and Arnold Vedlitz",
   title = "Personal Efficacy, the Information Environment, and Attitudes toward Global Warming and Climate Change in the {U}nited {S}tates",
   journal = "Risk Analysis",
   volume = 28,
pages = "113-126",
   year = "2008"
   }
         
   @BOOK {bookDisastersPrep,
   author = "Kathleen J. Tierney and Michael K. Lindell and Ronald W. Perry",
   title= "Facing the Unexpected: Disaster Preparedness and Response in the United States",
   publisher = "Washington, DC: Joseph Henry Press",
   year = 2001}




 @ARTICLE{BritishColumbia,
   author = "Slaymaker, O.",
   title = "Natural Hazards in {B}ritish {C}olumbia: an Interdisciplinary and Inter-Institutional Challenge.",
   journal = "International Journal of Earth Sciences",
   volume = 88,
pages = "317-324",
   year = "1999"
   }
         
         
         
         
         
                     @ARTICLE{Weber2011,
   author = "Weber, Elke U., and Paul C. Stern",
   title = "Public Understanding of Climate Change in the {U}nited {S}tates",
   journal = "American Psychologist",
   volume = 66,
pages = "315-328",
   year = "2011"
   }
         
         
         
         
            @ARTICLE{KahanEtAl2012,
   author = "Kahan, Dan M. and Ellen Peters and Maggie Wittlin and Paul Slovic and Lisa Larrimore Ouellette and Donald Braman and Gregory Mandel",
   title = "The Polarizing Impact of Science Literacy and Numeracy on Perceived Climate Change Risks",
   journal = "Nature Climate Change",
   volume = 2,
pages = "732-735",
   year = "2012"
   }

        @ARTICLE{Kahan2012,
   author = "Dan M. Kahan",
   title = "Why We Are Poles Apart on Climate Change",
   journal = "Nature",
   volume = 488,
pages = "255",
   year = "2012"
   }



          @ARTICLE{Newell2015,
   author = "Richard G. Newell and Juha Shkamaki",
   title = "Individual Time Preferences and Energy Efficiency",
   journal = "The American Economic Review",
   volume = 105,
      pages = "196-200",
   year = "2015"  
    }
  
        @ARTICLE{Kahan2015,
   author = "Dan M. Kahan",
   title = "Climate-Science Communication and the Measurement Problem",
   journal = "Political Psychology",
   volume = 36,
pages = "1-43",
   year = "2015"
   }
   
   
          @ARTICLE{Braaten2014,
   author = "Ragnhild Haugli Braaten",
   title = "Testing Deontological Warm Glow Motivation for
Carbon Abatements",
   journal = "Resource and Energy Economics",
   volume = 38,
   year = "2014"
   }
   
      
          @ARTICLE{Morrison2015,
   author = "Mark Morrison and Roderick Duncan and Kevin Parton",
   title = "Religion Does Matter for Climate Change Attitudes and Behavior",
   journal = "Plos ONE",
   year = "2015"
   }
   
   
   
             @ARTICLE{GlenkColombo2013,
   author = "Klaus Glenk and Sergio Colombo",
   title = "Modelling Outcome-Related Risk in Choice Experiments",
   journal = "Australian Journal of Agricultural and Resource Economics",
      volume = 57,
   year = "2013"
   }
   
   
   
      
             @ARTICLE{Carlsson2013,
   author = "Fredrik Carlsson and Mitesh Kataria and Alan Krupnick and Elina Lampi and Asa Lofgren and Ping Qin and Thomas Sterner",
   title = "A fair share: Burden-sharing preferences in the United States and China",
   journal = "Resource and Energy Economics",
      volume = 35,
   year = "2013"
   }
   
   
   
                @ARTICLE{Leiserowitz2015,
   author = "Tien Ming Lee and Ezra M. Markowitz and Peter D. Howe and Chia-Ying Ko and Anthony A. Leiserowitz",
   title = "Predictors of Public Climate Change Awareness and
Risk Perception Around the World",
   journal = "Nature Climate Change",
      volume = 5,
   year = "2015"
   }
   
   
   