   @BOOK{IPCCtrenberth,
	author	= {Kevin E. Trenberth and Philip D. Jones and others},
	title	= {IPCC, 2007: Summary for Policymakers. In: Climate Change 2007: The Physical Science Basis. Contribution of Working Group I to the Fourth Assessment Report of the Intergovernmental Panel on Climate Change [Solomon, S. and D. Qin, M. Manning and Z. Chen and M. Marquis and K.B. Averyt and M.Tignor and H.L. Miller (eds.)]. },
	pages	= {235-336},
	publisher= {Cambridge University Press},
	  year = {2007}
	}   
	
	
	

@article {Trenberth2014,
author = {Kevin E. Trenberth and Aiguo Dai and Gerard {V}an der Schrier and Philip D. Jones and Jonathan Barichivich and Keith R. Briffa and Justin Sheffield},
title = {Global warming and changes in drought},
journal = {Natural Climate Change},
year = {2014},
}




@article{Heim2002,
author = { Richard R.  Heim},
title = {A Review of Twentieth-Century Drought Indices Used in the United States},
journal = {Bulletin of the American Meteorological Society},
volume = {83},
number = {8},
pages = {1149-1165},
year = {2002},
}

@article{Sheffield2012,
author = {Justin Sheffield and Eric F.Wood and Michae L. Roderick},
title = {Little change in global drought over the past 60 years},
journal = {Nature},
volume = {491},
pages = {435-438},
year = {2012},
}

  ﻿@article {Dai2011,
author = {Dai, Aiguo},
title = {Characteristics and trends in various forms of the Palmer Drought Severity Index during 1900–2008},
journal = {Journal of Geophysical Research: Atmospheres},
volume = {116},
number = {D12},
year = {2011},
}


   ﻿@article {vanderSchrier2011,
author = {van der Schrier, G. and Jones, P. D. and Briffa, K. R.},
title = {The sensitivity of the PDSI to the Thornthwaite and Penman-Monteith parameterizations for potential evapotranspiration},
journal = {Journal of Geophysical Research: Atmospheres},
volume = {116},
number = {D3},
issn = {2156-2202},
keywords = {Evapotranspiration, Drought, Climatology, potential evapotranspiration, PDSI, Penman-Monteith, Thornthwaite},
year = {2011},
}


  ﻿@article {Wang2012,
author = {Wang, Kaicun and Dickinson, Robert E.},
title = {A review of global terrestrial evapotranspiration: Observation, modeling, climatology, and climatic variability},
journal = {Reviews of Geophysics},
volume = {50},
number = {2},
year = {2012},
}

  ﻿@article {Pedram2016,
author = {Corey Lesk and Pedram Rowhani and Navin Ramankutty},
title = {Influence of extreme weather disasters on global crop production},
journal = {Nature},
volume = {529},
year = {2016},
}


   @BOOK{IPCC2012ch1,
	author	= {Lavell, A. and M. Oppenheimer and C. Diop and J. Hess and R. Lempert and J. Li and R. Muir-Wood and S. Myeong},
	title	= {Climate change: new dimensions in disaster risk, exposure, vulnerability, and resilience. In: Managing the Risks of Extreme Events and Disasters to Advance Climate Change Adaptation [Field, C.B., V. Barros, T.F. Stocker, D. Qin, D.J. Dokken, K.L. Ebi, M.D. Mastrandrea, K.J. Mach, G.-K. Plattner, S.K. Allen, M. Tignor, and P.M. Midgley (eds.)]. A Special Report of Working Groups I and II of the Intergovernmental Panel on Climate Change},
	pages	= {25-64},
	publisher= {Cambridge University Press},
	  year = {2012}
	}   
	
@misc{wisner2004risk,
  title={At risk: natural hazards, people's vulnerability and disasters},
  author={Wisner, Ben and Blaikie, Piers and Cannon, Terry and Davis, Ian},
  year={2004},
  publisher={Routledge}
}
	
	
	
	@article{young2002,
  title={Advances in real--time flood forecasting},
  author={Young, Peter C},
  journal={Philosophical Transactions of the Royal Society of London A: Mathematical, Physical and Engineering Sciences},
  volume={360},
  number={1796},
  pages={1433--1450},
  year={2002},
  publisher={The Royal Society}
}



	@article{Jentsch2007,
  title={A new generation of climate-change experiments: events, not trends},
  author={Anke Jentsch and Jurgen Kreyling and Carl Beierkuhnlein},
  journal={Frontiers in Ecology and the Environment},
  volume={5},
  number={7},
  year={2007},
}  

@article{easterling2000,
  title={Climate extremes: observations, modeling, and impacts},
  author={Easterling, David R and Meehl, Gerald A and Parmesan, Camille and Changnon, Stanley A and Karl, Thomas R and Mearns, Linda O},
  journal={science},
  volume={289},
  number={5487},
  pages={2068--2074},
  year={2000},
  publisher={American Association for the Advancement of Science}
}



@article{BROWN2015,
title = "Weather and international price shocks on food prices in the developing world",
journal = "Global Environmental Change",
volume = "35",
number = "Supplement C",
pages = "31 - 40",
year = "2015",
author = "Molly E. Brown and Varun Kshirsagar",
keywords = "Climate change, Food security, Food prices, NDVI"
}



@article{Handa2006,
author = { Sudhanshu   Handa  and  Gilead   Mlay },
title = {Food consumption patterns, seasonality and market access in Mozambique},
journal = {Development Southern Africa},
volume = {23},
number = {4},
pages = {541-560},
year  = {2006},
publisher = {Routledge},

}


@article{Golden2011,
author = {Christopher D. Golden and Lia C. H. Fernald and Justin S. Brashares and B. J. Rodolph Rasolofoniaina and Claire Kremen},
title = {Benefits of wildlife consumption to child nutrition in a biodiversity hotspot},
journal = {Proceedings of National Academy of Sciences of the United States of America},
volume = {108},
number = {49},
pages = {19653–19656},
year  = {2011},
}


@book{KoopmanSJ,
  title={Time series analysis by state space methods},
  author={Durbin, James and Koopman, Siem Jan},
  volume={38},
  year={2012},
  publisher={OUP Oxford}
}


@book{brown2014book,
  title={Food security, food prices and climate variability},
  author={Brown, Molly E},
  year={2014},
  publisher={Routledge}
}


@article{Ochieng2016,
title = "Effects of climate variability and change on agricultural production: The case of small scale farmers in Kenya",
journal = "NJAS - Wageningen Journal of Life Sciences",
volume = "77",
number = "Supplement C",
pages = "71 - 78",
year = "2016",
note = "Social science perspectives on the bio-economy",
author = "Justus Ochieng and Lilian Kirimi and Mary Mathenge",
keywords = "Agriculture revenues, Climate change, Panel data, Tea, Maize, Kenya"
}



@article {Mehrabi2017,
	author = {Mehrabi, Zia and Ramankutty, Navin},
	title = {The cost of heat waves and droughts for global crop production},
	year = {2017},
	journal = {bioRxiv}
}


@article{OxfamIDS,
  title={Exploring food price scenarios towards 2030 with a global multi-region model},
  author={Willenbockel, Dirk},
  journal={Oxfam Policy and Practice: Agriculture, Food and Land},
  volume={11},
  number={2},
  pages={19--62},
  year={2011},
  publisher={Oxfam in association with GSE Research}
}


@Article{Vrieling2011,
author="Vrieling, Anton
and de Beurs, Kirsten M.
and Brown, Molly E.",
title="Variability of African farming systems from phenological analysis of NDVI time series",
journal="Climatic Change",
year="2011",
month="Dec",
day="01",
volume="109",
number="3",
pages="455--477",
}


@article{baffes2017,
author = {Baffes, John and Kshirsagar, Varun and Mitchell, Donald},
title = {What Drives Local Food Prices? Evidence from the Tanzanian Maize Market},
journal = {The World Bank Economic Review},
year = {2017},
}



   @techreport{SeoMendelsohn,
 author="Seo, S. Niggol and Mendelsohn, Robert and Dinar, Ariel and Hassan, Rashid and Kurukulasuriya, Pradeep",
    title="A Ricardian Analysis of the Distribution of Climate Change Impacts on Agriculture across Agro-Ecological Zones in Africa",
    number =        "4599",
 institution="World Bank",
    year="2008",
  note="Policy Research Working Paper"
}


@ARTICLE{RicardianBello,
title = {A Ricardian Analysis of the Impact of Temperature and Rainfall Variability on Ag-riculture in Dosso and Maradi Regions of Niger Republic},
author = {Garba Hima Mamane Bello and Maman Nafiou Malam Maman},
year = {2015},
journal = {Agricultural Sciences},
volume = {6},
pages={724--733},
}


@article{KMendelsohn2008,
  title={A Ricardian analysis of the impact of climate change on African cropland},
  author={Kurukulasuriya, Pradeep and Mendelsohn, Robert and others},
  journal={African Journal of Agricultural and Resource Economics},
  volume={2},
  number={1},
  pages={1--23},
  year={2008},
  publisher={African Association of Agricultural Economists}
}


@article{kabubo2007,
  title={The economic impact of climate change on Kenyan crop agriculture: A Ricardian approach},
  author={Kabubo-Mariara, Jane and Karanja, Fredrick K},
  journal={Global and planetary change},
  volume={57},
  number={3},
  pages={319--330},
  year={2007},
  publisher={Elsevier}
}


                           @ARTICLE{Mendelsohn94,
   author = "Robert Mendelsohn and William D. Nordhaus and Daigee Shaw",
   title = "{The} {Impact} of {Global} {Warming} on {Agriculure}: {A} {Ricardian} {Analysis}",
      journal = "The American Economic Review", 
   volume = 84,
    pages = "753-771",
   year = "1994",
   }
   
   
   @article{Deschenes2007Ric,
 author = {Olivier Deschenes and Michael Greenstone},
 journal = {The American Economic Review},
 number = {1},
 pages = {354-385},
 publisher = {American Economic Association},
 title = {The Economic Impacts of Climate Change: Evidence from Agricultural Output and Random Fluctuations in Weather},
 volume = {97},
 year = {2007}
}

   @techreport{AMS1997,
    author = {{American Meteorological Society}},
 journal = {Bull. Amer. Meteor. Soc.},
 pages = {847-849},
 title = {Meteorological drought Policy statement},
 volume = {78},
  year = {1997}
}


   @techreport{AMS2013,
 author = {{American Meteorological Society}},
 journal = {Bull. Amer. Meteor. Soc.},
 publisher = {American Economic Association},
 title = {Drought - An Information Statement of the American Meteorological Society},
 year = {2013}
}



@article{keyantash2002,
  title={The quantification of drought: an evaluation of drought indices},
  author={Keyantash, John and Dracup, John A},
  journal={Bulletin of the American Meteorological Society},
  volume={83},
  number={8},
  pages={1167--1180},
  year={2002}
}



@article{wilhite1985,
  title={Understanding: the drought phenomenon: the role of definitions},
  author={Wilhite, Donald A and Glantz, Michael H},
  journal={Water international},
  volume={10},
  number={3},
  pages={111--120},
  year={1985},
  publisher={Taylor \& Francis}
}


@book{blumenstock1942,
  title={Drought in the United States analyzed by means of the theory of probability},
  author={Blumenstock, George},
  year={1942},
  publisher={US Department of Agriculture}
}


@article{munger1916,
  title={GRAPHIC METHOD OF REPRESENTING AND COMPARING DROUGHT INTENSITIES},
  author={Munger, Thornton T},
  journal={Monthly Weather Review},
  volume={44},
  number={11},
  pages={642--643},
  year={1916}
}


@article{mcquigg1954,
  title={A simple index of drought conditions},
  author={McQuigg, James},
  journal={Weatherwise},
  volume={7},
  number={3},
  pages={64--67},
  year={1954},
  publisher={Taylor \& Francis}
}


@book{palmer1965,
  title={Meteorological drought},
  author={Palmer, Wayne C},
  volume={30},
  year={1965},
  publisher={US Department of Commerce, Weather Bureau Washington, DC}
}



@article{SPEI,
author = {Sergio M.  Vicente-Serrano  and  Santiago  Beguería  and  Juan I.  López-Moreno },
title = {A Multiscalar Drought Index Sensitive to Global Warming: The Standardized Precipitation Evapotranspiration Index},
journal = {Journal of Climate},
volume = {23},
number = {7},
pages = {1696-1718},
year = {2010}
}




@inproceedings{SPI,
  title={The relationship of drought frequency and duration to time scales},
  author={McKee, Thomas B and Doesken, Nolan J and Kleist, John and others},
  booktitle={Proceedings of the 8th Conference on Applied Climatology},
  volume={17},
  number={22},
  pages={179--183},
  year={1993},
  organization={American Meteorological Society Boston, MA}
}


@article{robinson2010,
  title={Implications of food production and price shocks for household welfare in Ethiopia: a general equilibrium analysis},
  author={Robinson, Sherman and Willenbockel, Dirk and Ahmed, Hashim and Dorosh, Paul},
  year={2010}
}


@article{schwalm2017,
  title={Global Patterns of Drought Recovery},
  author={Schwalm, C and Anderegg, W and Anna M. Michalak and Joshua B. Fisher and Biondi, F and Koch, GW and Litvak, ME and Shaw, J and Wolf, A and Huntzinger, DN and  Kevin Schaefer and Robert Cook and Yaxing Wei and Yuanyuan Fang and Daniel Hayes and Maoyi Huang and Atul Jain and Hanqin Tian},
  booktitle={AGU Fall Meeting Abstracts},
  journal = {Nature},
volume = {548},
  year={2017}
}


@article{nicolai2017,
  title={A drought event composite analysis using satellite remote-sensing based soil moisture},
  author={Nicolai-Shaw, Nadine and Zscheischler, Jakob and Hirschi, Martin and Gudmundsson, Lukas and Seneviratne, Sonia I},
  journal={Remote Sensing of Environment},
  year={2017},
  publisher={Elsevier}
}




@article{Sandstorm2017,
author = {Sofie Sandstrom and Sirkku Juhola},
title = {Continue to blame it on the rain? Conceptualization of drought and failure of food systems in the Greater Horn of Africa},
journal = {Environmental Hazards},
volume = {16},
number = {1},
pages = {71-91},
year  = {2017},
publisher = {Taylor & Francis}
    }
    
    
    @book{bailey2012,
  title={Famine early warning and early action: The cost of delay},
  author={Bailey, Rob},
  year={2012},
  publisher={Chatham House London}
}

   @techreport{AMS1997,
    author = {{Global Water Partnership Eastern Africa}},
 journal = {Integrated drought management program in the Horn of Africa (IDMP HOA). Entebbe: Author},
 pages = {847-849},
 title = {Assessment of drought resilience frameworks in the Horn of Africa},
 volume = {78},
  year = {2015}
}


@article{wilhite2000,
  title={Drought as a natural hazard: concepts and definitions},
  author={Wilhite, Donald A},
  year={2000}
}



@book{schneider1996,
  title={Encyclopedia of climate and weather},
  author={Schneider, Stephen H and Hare, F Kenneth},
  volume={678},
  year={1996},
  publisher={Oxford University Press New York}
}



@article{zargar2011,
  title={A review of drought indices},
  author={Zargar, Amin and Sadiq, Rehan and Naser, Bahman and Khan, Faisal I},
  journal={Environmental Reviews},
  volume={19},
  number={NA},
  pages={333--349},
  year={2011},
  publisher={NRC Research Press}}
  
  
  @article{svoboda2016,
  title={Handbook of Drought Indicators and Indices},
  author={Svoboda, Mark and Fuchs, Brian and others},
  year={2016}
}


@techreport{monacelli2005,
  title={Drought assessment and forecasting},
  author={Monacelli, G and Galluccio, MC and Abbafati, M},
  journal={Drought within the context of the region VI},
  year={2005}
}


@misc{SPIonline,
author = {{John Keyantash and National Center for Atmospheric Research Staff (Eds.)}},
title = {The Climate Data Guide: Standardized Precipitation Index ({SPI})},
note = {Retrieved from \url{https://climatedataguide.ucar.edu/climate-data/standardized-precipitation-index-spi}. Last modified 02 Mar 2016},
year={2016}}



@article{HLAVINKA2009,
title = "Effect of drought on yield variability of key crops in Czech Republic",
journal = "Agricultural and Forest Meteorology",
volume = "149",
number = "3",
pages = "431 - 442",
year = "2009",
author = "Petr Hlavinka and Miroslav Trnka and Daniela Semerádová and Martin Dubrovsky and Zdenek Zalud and Martin Mozny",
}


@article{edwards2009,
  title={A sunburnt country: the economic and financial impact of drought on rural and regional families in Australia in an era of climate change},
  author={Edwards, Ben and Gray, Matthew and Hunter, Boyd},
  journal={Australian Journal of Labour Economics},
  volume={12},
  number={1},
  pages={109},
  year={2009},
  publisher={Curtin University of Technology}
}


@article{shahid2008,
  title={Drought risk assessment in the western part of Bangladesh},
  author={Shahid, Shamsuddin and Behrawan, Houshang},
  journal={Natural Hazards},
  volume={46},
  number={3},
  pages={391--413},
  year={2008},
  publisher={Springer}
}