@data{FEWSNET,
 institution = "Famine Early Warning Systems Network (FEWS NET)",
 note = "Accessed in October 2018.",
 URL = "http://fews.net/",
}