%% LaTeX2e file `mybib.bib'
%% generated by the `filecontents' environment
%% from source `draft5' on 2018/12/05.
%%
@preamble { " \providecommand\noopsort[1]{} " }
@data{FEWSNET,
 institution = "Famine Early Warning Systems Network (FEWS NET)",
 note = "Accessed in October 2018.",
 URL = "http://fews.net/",
}

