   @BOOK{IPCCtrenberth,
	author	= {Kevin E. Trenberth and Philip D. Jones and others},
	title	= {IPCC, 2007: Summary for Policymakers. In: Climate Change 2007: The Physical Science Basis. Contribution of Working Group I to the Fourth Assessment Report of the Intergovernmental Panel on Climate Change [Solomon, S. and D. Qin, M. Manning and Z. Chen and M. Marquis and K.B. Averyt and M.Tignor and H.L. Miller (eds.)]. },
	pages	= {235-336},
	publisher= {Cambridge University Press},
	  year = {2007},}   
	
	
	

@article{Trenberth2014,
author = {Kevin E. Trenberth and Aiguo Dai and Gerard {V}an der Schrier and Philip D. Jones and Jonathan Barichivich and Keith R. Briffa and Justin Sheffield},
title = {Global warming and changes in drought},
journal = {Natural Climate Change},
year = {2014},
}




@article{Heim2002,
author = { Richard R.  Heim},
title = {A Review of Twentieth-Century Drought Indices Used in the United States},
journal = {Bulletin of the American Meteorological Society},
volume = {83},
number = {8},
pages = {1149-1165},
year = {2002},
}

@article{Sheffield2012,
author = {Justin Sheffield and Eric F.Wood and Michae L. Roderick},
title = {Little change in global drought over the past 60 years},
journal = {Nature},
volume = {491},
pages = {435-438},
year = {2012},
}

@article {Dai2011,
author = {Dai, Aiguo},
title = {Characteristics and trends in various forms of the Palmer Drought Severity Index during 1900–2008},
journal = {Journal of Geophysical Research: Atmospheres},
volume = {116},
number = {D12},
year = {2011},
}


   ﻿@article {vanderSchrier2011,
author = {van der Schrier, G. and Jones, P. D. and Briffa, K. R.},
title = {The sensitivity of the PDSI to the Thornthwaite and Penman-Monteith parameterizations for potential evapotranspiration},
journal = {Journal of Geophysical Research: Atmospheres},
volume = {116},
number = {D3},
issn = {2156-2202},
keywords = {Evapotranspiration, Drought, Climatology, potential evapotranspiration, PDSI, Penman-Monteith, Thornthwaite},
year = {2011},
}


  ﻿@article {Wang2012,
author = {Wang, Kaicun and Dickinson, Robert E.},
title = {A review of global terrestrial evapotranspiration: Observation, modeling, climatology, and climatic variability},
journal = {Reviews of Geophysics},
volume = {50},
number = {2},
year = {2012},
}

  ﻿@article {Pedram2016,
author = {Corey Lesk and Pedram Rowhani and Navin Ramankutty},
title = {Influence of extreme weather disasters on global crop production},
journal = {Nature},
volume = {529},
year = {2016},
}


   @BOOK{IPCC2012ch1,
	author	= {Lavell, A. and M. Oppenheimer and C. Diop and J. Hess and R. Lempert and J. Li and R. Muir-Wood and S. Myeong},
	title	= {Climate change: new dimensions in disaster risk, exposure, vulnerability, and resilience. In: Managing the Risks of Extreme Events and Disasters to Advance Climate Change Adaptation [Field, C.B., V. Barros, T.F. Stocker, D. Qin, D.J. Dokken, K.L. Ebi, M.D. Mastrandrea, K.J. Mach, G.-K. Plattner, S.K. Allen, M. Tignor, and P.M. Midgley (eds.)]. A Special Report of Working Groups I and II of the Intergovernmental Panel on Climate Change},
	pages	= {25-64},
	publisher= {Cambridge University Press},
	  year = {2012}
	}   
	
@misc{wisner2004risk,
  title={At risk: natural hazards, people's vulnerability and disasters},
  author={Wisner, Ben and Blaikie, Piers and Cannon, Terry and Davis, Ian},
  year={2004},
  publisher={Routledge}
}
	
	
	
	@article{young2002,
  title={Advances in real--time flood forecasting},
  author={Young, Peter C},
  journal={Philosophical Transactions of the Royal Society of London A: Mathematical, Physical and Engineering Sciences},
  volume={360},
  number={1796},
  pages={1433--1450},
  year={2002},
  publisher={The Royal Society}
}



	@article{Jentsch2007,
  title={A new generation of climate-change experiments: events, not trends},
  author={Anke Jentsch and Jurgen Kreyling and Carl Beierkuhnlein},
  journal={Frontiers in Ecology and the Environment},
  volume={5},
  number={7},
  year={2007},
}  

@article{easterling2000,
  title={Climate extremes: observations, modeling, and impacts},
  author={Easterling, David R and Meehl, Gerald A and Parmesan, Camille and Changnon, Stanley A and Karl, Thomas R and Mearns, Linda O},
  journal={science},
  volume={289},
  number={5487},
  pages={2068--2074},
  year={2000},
  publisher={American Association for the Advancement of Science}
}



@article{BROWN2015,
title = "Weather and international price shocks on food prices in the developing world",
journal = "Global Environmental Change",
volume = "35",
number = "Supplement C",
pages = "31 - 40",
year = "2015",
author = "Molly E. Brown and Varun Kshirsagar",
keywords = "Climate change, Food security, Food prices, NDVI"
}



@article{Handa2006,
author = { Sudhanshu   Handa  and  Gilead   Mlay },
title = {Food consumption patterns, seasonality and market access in Mozambique},
journal = {Development Southern Africa},
volume = {23},
number = {4},
pages = {541-560},
year  = {2006},
publisher = {Routledge},

}


@article{Golden2011,
author = {Christopher D. Golden and Lia C. H. Fernald and Justin S. Brashares and B. J. Rodolph Rasolofoniaina and Claire Kremen},
title = {Benefits of wildlife consumption to child nutrition in a biodiversity hotspot},
journal = {Proceedings of National Academy of Sciences of the United States of America},
volume = {108},
number = {49},
pages = {19653–19656},
year  = {2011},
}


@book{KoopmanSJ,
  title={Time series analysis by state space methods},
  author={Durbin, James and Koopman, Siem Jan},
  volume={38},
  year={2012},
  publisher={OUP Oxford}
}


@book{brown2014book,
  title={Food security, food prices and climate variability},
  author={Brown, Molly E},
  year={2014},
  publisher={Routledge}
}


@article{Ochieng2016,
title = "Effects of climate variability and change on agricultural production: The case of small scale farmers in Kenya",
journal = "NJAS - Wageningen Journal of Life Sciences",
volume = "77",
number = "Supplement C",
pages = "71 - 78",
year = "2016",
note = "Social science perspectives on the bio-economy",
author = "Justus Ochieng and Lilian Kirimi and Mary Mathenge",
keywords = "Agriculture revenues, Climate change, Panel data, Tea, Maize, Kenya"
}



@article {Mehrabi2017,
	author = {Mehrabi, Zia and Ramankutty, Navin},
	title = {The cost of heat waves and droughts for global crop production},
	year = {2017},
	journal = {bioRxiv}
}


@article{OxfamIDS,
  title={Exploring food price scenarios towards 2030 with a global multi-region model},
  author={Willenbockel, Dirk},
  journal={Oxfam Policy and Practice: Agriculture, Food and Land},
  volume={11},
  number={2},
  pages={19--62},
  year={2011},
  publisher={Oxfam in association with GSE Research}
}


@Article{Vrieling2011,
author="Vrieling, Anton
and de Beurs, Kirsten M.
and Brown, Molly E.",
title="Variability of African farming systems from phenological analysis of NDVI time series",
journal="Climatic Change",
year="2011",
month="Dec",
day="01",
volume="109",
number="3",
pages="455--477",
}


@article{baffes2017,
author = {Baffes, John and Kshirsagar, Varun and Mitchell, Donald},
title = {What Drives Local Food Prices? Evidence from the Tanzanian Maize Market},
journal = {The World Bank Economic Review},
year = {2017},
}



@techreport{SeoMendelsohn,
author="Seo, S. Niggol and Mendelsohn, Robert and Dinar, Ariel and Hassan, Rashid and Kurukulasuriya, Pradeep",
title="A Ricardian Analysis of the Distribution of Climate Change Impacts on Agriculture across Agro-Ecological Zones in Africa",
number =        "4599",
institution="World Bank",
year="2008",
note="Policy Research Working Paper"
}


@ARTICLE{RicardianBello,
title = {A Ricardian Analysis of the Impact of Temperature and Rainfall Variability on Ag-riculture in Dosso and Maradi Regions of Niger Republic},
author = {Garba Hima Mamane Bello and Maman Nafiou Malam Maman},
year = {2015},
journal = {Agricultural Sciences},
volume = {6},
pages={724--733},
}


@article{KMendelsohn2008,
  title={A Ricardian analysis of the impact of climate change on African cropland},
  author={Kurukulasuriya, Pradeep and Mendelsohn, Robert and others},
  journal={African Journal of Agricultural and Resource Economics},
  volume={2},
  number={1},
  pages={1--23},
  year={2008},
  publisher={African Association of Agricultural Economists}
}


@article{kabubo2007,
title={The economic impact of climate change on Kenyan crop agriculture: A Ricardian approach},
author={Kabubo-Mariara, Jane and Karanja, Fredrick K},
journal={Global and planetary change},
volume={57},
number={3},
pages={319--330},
year={2007},
publisher={Elsevier}
}






@ARTICLE{Mendelsohn94,
author = "Robert Mendelsohn and William D. Nordhaus and Daigee Shaw",
title = "{The} {Impact} of {Global} {Warming} on {Agriculure}: {A} {Ricardian} {Analysis}",
journal = "The American Economic Review", 
volume = 84,
pages = "753-771",
year = "1994",
   }
   
   
   @article{Deschenes2007Ric,
 author = {Olivier Deschenes and Michael Greenstone},
 journal = {The American Economic Review},
 number = {1},
 pages = {354-385},
 publisher = {American Economic Association},
 title = {The Economic Impacts of Climate Change: Evidence from Agricultural Output and Random Fluctuations in Weather},
 volume = {97},
 year = {2007}
}

@techreport{AMS1997,
author = {{American Meteorological Society}},
 journal = {Bull. Amer. Meteor. Soc.},
 pages = {847-849},
 title = {Meteorological drought Policy statement},
 volume = {78},
  year = {1997}
}


   @techreport{AMS2013,
 author = {{American Meteorological Society}},
 journal = {Bull. Amer. Meteor. Soc.},
 publisher = {American Economic Association},
 title = {Drought - An Information Statement of the American Meteorological Society},
 year = {2013}
}



@article{keyantash2002,
  title={The quantification of drought: an evaluation of drought indices},
  author={Keyantash, John and Dracup, John A},
  journal={Bulletin of the American Meteorological Society},
  volume={83},
  number={8},
  pages={1167--1180},
  year={2002}
}



@article{wilhite1985,
  title={Understanding: the drought phenomenon: the role of definitions},
  author={Wilhite, Donald A and Glantz, Michael H},
  journal={Water international},
  volume={10},
  number={3},
  pages={111--120},
  year={1985},
  publisher={Taylor \& Francis}
}


@book{blumenstock1942,
  title={Drought in the United States analyzed by means of the theory of probability},
  author={Blumenstock, George},
  year={1942},
  publisher={US Department of Agriculture}
}


@article{munger1916,
  title={GRAPHIC METHOD OF REPRESENTING AND COMPARING DROUGHT INTENSITIES},
  author={Munger, Thornton T},
  journal={Monthly Weather Review},
  volume={44},
  number={11},
  pages={642--643},
  year={1916}
}


@article{mcquigg1954,
  title={A simple index of drought conditions},
  author={McQuigg, James},
  journal={Weatherwise},
  volume={7},
  number={3},
  pages={64--67},
  year={1954},
  publisher={Taylor \& Francis}
}


@book{palmer1965,
  title={Meteorological drought},
  author={Palmer, Wayne C},
  volume={30},
  year={1965},
  publisher={US Department of Commerce, Weather Bureau Washington, DC}
}



@article{SPEI,
author = {Sergio M.  Vicente-Serrano  and  Santiago  Beguería  and  Juan I.  López-Moreno },
title = {A Multiscalar Drought Index Sensitive to Global Warming: The Standardized Precipitation Evapotranspiration Index},
journal = {Journal of Climate},
volume = {23},
number = {7},
pages = {1696-1718},
year = {2010}
}




@inproceedings{SPI,
  title={The relationship of drought frequency and duration to time scales},
  author={McKee, Thomas B and Doesken, Nolan J and Kleist, John and others},
  booktitle={Proceedings of the 8th Conference on Applied Climatology},
  volume={17},
  number={22},
  pages={179--183},
  year={1993},
  organization={American Meteorological Society Boston, MA}
}


@article{robinson2010,
  title={Implications of food production and price shocks for household welfare in Ethiopia: a general equilibrium analysis},
  author={Robinson, Sherman and Willenbockel, Dirk and Ahmed, Hashim and Dorosh, Paul},
  year={2010}
}


@article{schwalm2017,
  title={Global Patterns of Drought Recovery},
  author={Schwalm, C and Anderegg, W and Anna M. Michalak and Joshua B. Fisher and Biondi, F and Koch, GW and Litvak, ME and Shaw, J and Wolf, A and Huntzinger, DN and  Kevin Schaefer and Robert Cook and Yaxing Wei and Yuanyuan Fang and Daniel Hayes and Maoyi Huang and Atul Jain and Hanqin Tian},
  booktitle={AGU Fall Meeting Abstracts},
  journal = {Nature},
volume = {548},
  year={2017}
}


@article{nicolai2017,
  title={A drought event composite analysis using satellite remote-sensing based soil moisture},
  author={Nicolai-Shaw, Nadine and Zscheischler, Jakob and Hirschi, Martin and Gudmundsson, Lukas and Seneviratne, Sonia I},
  journal={Remote Sensing of Environment},
  year={2017},
  publisher={Elsevier}
}




@article{Sandstorm2017,
author = {Sofie Sandstrom and Sirkku Juhola},
title = {Continue to blame it on the rain? Conceptualization of drought and failure of food systems in the Greater Horn of Africa},
journal = {Environmental Hazards},
volume = {16},
number = {1},
pages = {71-91},
year  = {2017},
publisher = {Taylor & Francis}
    }
    
    
    @book{bailey2012,
  title={Famine early warning and early action: The cost of delay},
  author={Bailey, Rob},
  year={2012},
  publisher={Chatham House London}
}

   @techreport{AMS1997,
    author = {{Global Water Partnership Eastern Africa}},
 journal = {Integrated drought management program in the Horn of Africa (IDMP HOA). Entebbe: Author},
 pages = {847-849},
 title = {Assessment of drought resilience frameworks in the Horn of Africa},
 volume = {78},
  year = {2015}
}


@article{wilhite2000,
  title={Drought as a natural hazard: concepts and definitions},
  author={Wilhite, Donald A},
  year={2000}
}



@book{schneider1996,
  title={Encyclopedia of climate and weather},
  author={Schneider, Stephen H and Hare, F Kenneth},
  volume={678},
  year={1996},
  publisher={Oxford University Press New York}
}



@article{zargar2011,
  title={A review of drought indices},
  author={Zargar, Amin and Sadiq, Rehan and Naser, Bahman and Khan, Faisal I},
  journal={Environmental Reviews},
  volume={19},
  number={NA},
  pages={333--349},
  year={2011},
  publisher={NRC Research Press}}
  
  
  @article{svoboda2016,
  title={Handbook of Drought Indicators and Indices},
  author={Svoboda, Mark and Fuchs, Brian and others},
  year={2016}
}


@techreport{monacelli2005,
  title={Drought assessment and forecasting},
  author={Monacelli, G and Galluccio, MC and Abbafati, M},
  journal={Drought within the context of the region VI},
  year={2005}
}


@misc{SPIonline,
author = {{John Keyantash and National Center for Atmospheric Research Staff (Eds.)}},
title = {The Climate Data Guide: Standardized Precipitation Index ({SPI})},
note = {Retrieved from \url{https://climatedataguide.ucar.edu/climate-data/standardized-precipitation-index-spi}. Last modified 02 Mar 2016},
year={2016}}



@article{HLAVINKA2009,
title = "Effect of drought on yield variability of key crops in Czech Republic",
journal = "Agricultural and Forest Meteorology",
volume = "149",
number = "3",
pages = "431 - 442",
year = "2009",
author = "Petr Hlavinka and Miroslav Trnka and Daniela Semerádová and Martin Dubrovsky and Zdenek Zalud and Martin Mozny",
}


@article{edwards2009,
  title={A sunburnt country: the economic and financial impact of drought on rural and regional families in Australia in an era of climate change},
  author={Edwards, Ben and Gray, Matthew and Hunter, Boyd},
  journal={Australian Journal of Labour Economics},
  volume={12},
  number={1},
  pages={109},
  year={2009},
  publisher={Curtin University of Technology}
}


@article{shahid2008,
  title={Drought risk assessment in the western part of Bangladesh},
  author={Shahid, Shamsuddin and Behrawan, Houshang},
  journal={Natural Hazards},
  volume={46},
  number={3},
  pages={391--413},
  year={2008},
  publisher={Springer}
}


% ---------------------------------------------------------------------------------------------------------
% the items above are from my literature review which I have created some time ago.
%the following ones are new ones:

@article{KlischAtz2016,
  title={Operational Drought Monitoring in Kenya Using MODIS NDVI Time Series},
  author={Anja Klisch and Clement Atzberger},
  journal={Remote Sensing},
  year={2016},
}


@article{AbrahaSavage2006,
  title={Potential impacts of climate change on the grain yield of maize
for the midlands of KwaZulu-Natal, South Africa},
  author={M.G. Abraha and M.J. Savage},
  journal={Agriculture, Ecosystems and Environment},
  pages={150--160},
  year={2006},
}




@techreport{Adejuwon2004,
author="James O. Adejuwon",
    title="Assessing the Suitability of the EPIC Crop Model for Use in the Study of Impacts of Climate Variability and Climate Change in West Africa",
    number =        "AIACC Working Paper No. 5",
 institution= "project Assessments of Impacts and Adaptations to Climate Change (AIACC) in Multiple Regions and Sectors",
    year="2004",
}


@Article{BenMohamed2002,
author="Ben Mohamed, A. and van Duivenbooden, N. and Abdoussallam, S.",
title="Impact of Climate Change on Agricultural Production in the Sahel -- Part 1. Methodological Approach and Case Study for Millet in Niger",
journal="Climatic Change",
year="2002",
volume="54",
number="3",
pages="327--348"}



@article{BLIGNAUT2009,
   title = {{Agriculture production's sensitivity to changes in climate in South Africa}},
   journal = {{South African Journal of Science}},
   author={Blignaut, James AND Ueckermann, Liza AND Aronson, James},
   ISSN = {0038-2353},
   language = {en},
   URL = {http://www.scielo.org.za/scielo.php?script=sci_arttext&pid=S0038-23532009000100022&nrm=iso},
   volume = {105},
   year = {2009},
   pages = {61 - 68},
   publisher = {scieloza},
   }
   
   
@Article{Chipanshi2003,
author="Chipanshi, A. C. and Chanda, R. and Totolo, O.",
title="Vulnerability Assessment of the Maize and Sorghum Crops to Climate Change in Botswana",
journal="Climatic Change",
year="2003",
volume="61",
number="3",
pages="339--360"}



@article{Giannakopoulos2009,
author = {Giannakopoulos, Christos and Sager, P and Bindi, M and Moriondo, Marco and Kostopoulou, Effie and Goodess, C},
title = {Climatic changes and associated impacts in the Mediterranean resulting from a 2 °C global warming},
volume = {68},
journal = {Global and Planetary Change},
year = {2009},
}

@article{LauxEtAl,
author = {Patrick Laux and Greta Jäckel and Richard Munang Tingem and Harald Kunstmann},
title = {Impact of climate change on agricultural productivity under rainfed conditions in Cameroon—A method to improve attainable
crop yields by planting date adaptations},
pages = {1258--1271},
journal = {Agricultural and Forest Meteorology},
year = {2010},
}


@article{Leemans1993,
author = {Leemans, Rik and Solomon, Allen},
title = {Modeling the potential change in yield and distribution of the Earth's crops under a warmed climate},
journal = {Climate Research},
year = {1993},
volume = {3},
}


@article{LobellEtAl2008,
author = {David B. Lobell and Burke, Marshall and Tebaldi, Claudia and Mastrandrea, Michael and Falcon, Walter and L Naylor, Rosamond},
title = {Prioritizing Climate Change Adaptation Needs for Food Security in 2030},
journal = {Science},
volume = {319},
pages = {607-10},
year = {2008},
}


@Article{LobellBurke2010,
author="David B. Lobell and Marshall B. Burke",
title="On the use of statistical models to predict crop yield responses to climate change",
year="2010",
volume="150",
pages="1443--1452"}


@article{sagoe2006,
  title={Climate change and root crop production in Ghana},
  author={Sagoe, Regina},
  journal={A report prepared for Environmental Protection Agency (EPA), Accra-Ghana February},
  year={2006},
  publisher={Citeseer}
}


@article{SchulzeEtA1993,
author="Schulze, Roland E. and Kiker, Gregory A. and Kunz, Richard P.",
title="Global Climate Change and Agricultural Productivity in Southern Africa",
year="1993",
journal="Global Environmental Change",
pages="330--349"
}

@article{ThorntonEtAl2009,
author = {Philip K. Thornton and Peter G. Jones and Gopal Alagarswamy and Jeff Andresen},
title = {Spatial variation of crop yield response to climate change in East Africa},
volume = {19},
journal = {Global Environmental Change},
year = {2009},
}


@article{TingemEtAl2008,
author = {Munang Tingem and Mike Rivington and Gianni Bellocchi and Sayed Azam-Ali and
Jeremy Colls},
title = {Effects of climate change on crop production in Cameroon},
volume = {36},
journal = {Climate Research},
pages= {65--77},
year = {2008},
}


@article{TingemEtAl2009,
author = {Munang Tingem and Mike Rivington and Gianni Bellocchi},
title = {Adaptation assessments for crop production in response to climate
change in Cameroon},
volume = {29},
journal = {Agronomy for Sustainable Development},
pages= {247--256},
year = {2009},
}


@article{WalkerSchulze2008,
author = {N.J. Walker and R.E. Schulze},
title = {Climate change impacts on agro-ecosystem sustainability across three
climate regions in the maize belt of South Africa},
volume = {124},
journal = {Agriculture, Ecosystems and Environment},
pages= {114--124},
year = {2008},
}


%------------------------------------------------------------------------------------------------------------
% mixed effects models

@book{bates2000mixed,
  title={Mixed-Effects Models in S and S-PLUS},
  author={Bates, J.C.P.D.M. and Pinheiro, J. and Pinheiro, J.C. and Bates, D.},
  isbn={9780387989570},
  series={Statistics and Computing},
  date={2000},
  publisher={Springer New York},
  year="2000",
}


@article{Perez2015,
  author={E. Coughlan de Perez and B. van den Hurk and M. K. van Aalst and B. Jongman and T. Klose and P. Suarez},
  title={Forecast-based financing: an approach for catalyzing humanitarian
action based on extreme weather and climate forecasts},
volume = {15},
journal = {Natural Hazards and Earth System Sciences},
pages= {895--904},
year = {2015},
}



@article{Nicholson2017,
  author={Sharon E. Nicholson},
  title={Climate and climatic variability of rainfall over eastern Africa},
volume = {15},
journal = {Reviews of Geophysics},
year = {2017},
}




@techreport{Mechler2005,
author="Reinhard Mechler",
title="Cost-benefit Analysis of Natural Disaster Risk Management in Developing Countries",
institution="Deutsche Gesellschaft fur Technische Zusammenarbeit ({GTZ}) GmbH",
year="2005",
note="comissioned by the Federal Ministry for Economic Cooperation and Development"
}


@article{Barasa2017,
author = "Barasa, E.W. and Manyara, A.M. and Molyneux, S. and Tsofa, B.",
year = "2017",
title = "Recentralization within decentralization: County hospital autonomy under devolution in Kenya},
journal = "PLOS ONE",

}




@incollection{KERYch12,
title = "Chapter 12 - Linear Mixed-Effects Model",
editor = "Marc Kéry",
booktitle = "Introduction to WinBUGS for Ecologists",
publisher = "Academic Press",
address = "Boston",
pages = "151 - 166",
year = "2010",
isbn = "978-0-12-378605-0",
doi = "https://doi.org/10.1016/B978-0-12-378605-0.00012-0",
url = "http://www.sciencedirect.com/science/article/pii/B9780123786050000120",
author = "Marc Kery"
}
@incollection{KERYch9,
title = "Chapter 9 - Normal One-Way ANOVA",
editor = "Marc Kéry",
booktitle = "Introduction to WinBUGS for Ecologists",
publisher = "Academic Press",
address = "Boston",
pages = "115 - 127",
year = "2010",
author = "Marc Kery"
}


@misc{bates2010lme4,
  title={lme4: Mixed-effects modeling with {R}},
  author={Bates, Douglas M},
  publisher={Berlin},
  year="2010",
}

@techreport{Kabubo2015,
author="Jane Kabubo-Mariara and Millicent Kabara",
title="Climate Change and Food Security in Kenya",
institution="Environment for Development {(EfD)} Initiative",
number ="15-05",
year="2015",
note="Discussion Paper Series"
}


@techreport{WorldBank2015,
author="Stephen P. D'Alessandro and Jorge Caballero and John Lichte and Simon Simpkin",
title="Kenya - Agricultural Sector Risk Assessment",
institution="World Bank",
number ="Group report number 97887",
year="2015",
}


@article{Lesk2016,
author={Corey Lesk and Pedram Rowhani and Navin Ramankutty},
title={Forecast-based financing: an approach for catalyzing humanitarian
action based on extreme weather and climate forecasts},
volume = {529},
journal = {Nature},
year = {2016},
}


@article {Chen2015,
author = {Chia-Jeng Chen and Aris P. Georgakakos},
title = {Seasonal prediction of East African rainfall},
journal = {International Journal of Climatology},
volume = {35},
pages = {2698--2723},
year = {2015},
}



@article {Hastenrath2011,
author = {Hastenrath, S. and Polzin, D. and Mutai, C.},
title = {Circulation Mechanisms of Kenya Rainfall Anomalies},
journal = {Journal of Climate},
volume = {24},
pages = {404--412},
year = {2011},
}


@article {Hastenrath2010,
author = {Hastenrath, S. and Polzin and Mutai, C.},
title = {Notes and correspondence: diagnosting the droughts and floods in Equatorial East Africa during boreal autumn 2005-08},
journal = {Journal of Climate},
year = {2010},
}


@article {Hastenrath2007,
author = {Hastenrath, S. and Polzin, D. and Mutai, C.},
title = {Diagnosing the 2005 Drought in Equatorial East Africa},
journal = {Journal of Climate},
volume = {20},
pages = {4628--4637},
year = {2007},
}


@techreport{Compendium,
author="Kang'ethe Wamaitha Gitu and Jonathan Makau Nzuma",
title="Data Compendium for Kenya's Agricultural Sector",
institution="Kenya Institute of Public Policy Research and Analysis",
year="2003",
note="Special Report"
}


@article{Mendelsohn2008,
  title={The Impact of Climate Change on Agriculture in Developing Countries},
  author={Robert Mendelsohn},
  journal={Journal of Natural Resources Policy Research},
  volume={1},
  number={1},
  pages={5--19},
  year={2008},
  publisher={African Association of Agricultural Economists}
}


@article{Knox2012,
  title={Climate change impacts on crop productivity in Africa and South Asia},
  author={Jerry Knox and Tim Hess and Andre Daccache and Tim Wheeler},
  journal={Environmental Research Letters},
  volume={7},
  year={2012},
}


@techreport{MendelsohnDinar2000,
  title={Climate Change Impacts on African Agriculture},
  author={Robert Mendelsohn and Ariel Dinar and Arne Dalfelt},
  institution={Preliminary analysis prepared for the World Bank},
  year={2000},
}

@article{Rowhani2011,
  title={Climate variability and crop production in Tanzania},
  author={Pedram Rowhani and David B. Lobell and Marc Lindermanc and Navin Ramankutty},
  journal={Agricultural and Forest Meteorology},
  volume={151},
  pages={449--460},
  year={2011},
}

@article{Challinor2014,
title={A meta-analysis of crop yield under climate change and adaptation},
author={A. J. Challinor and J.Watson and D. B. Lobell and S. M. Howden and D. R. Smith and N. Chhetri},
journal={Nature Climate Change},
volume={4},
pages={287--291},
year={2014},
}


@data{BOKU,
author= {BOKU},
institution= {University of Natural Resources and Life Sciences Vienna},
note= "Accessed in October 2018.",
URL= "http://ivfl-info.boku.ac.at/index.php/homepage?view=featured",
}
 

 @data{Berkeley,
 author = "Berkeley Earth",
   institution = "Berkeley Earth",
   note = "Accessed in October 2018.",
   URL = "http://berkeleyearth.org/data/",
}

 
@Unpublished{NDMA,
title= "",
author= {National{\ }Drought{\ }Management{\ }Authority{\ }},
year= " ", 
note= "{\newline}(accessed October, 2018). http://www.ndma.go.ke/index.php/resource-center/early-warning-reports"}
   
 @Unpublished{KNBS,
title= "",
author= {Kenya{\ }National{\ }Bureau{\ }of{\ }Statistics},
year= " ", 
note= "{\newline}(accessed October, 2018). https://www.knbs.or.ke/"}
   
   
   
@article{Ubilava2018,
author = {Ubilava, David},
title = {The Role of El Niño Southern Oscillation in Commodity Price Movement and Predictability},
journal = {American Journal of Agricultural Economics},
volume = {100},
number = {1},
pages = {239-263},
year = {2018},
}

@techreport{FAO,
author = {FAO},
title="THE STATE OF PLANT GENETIC RESOURCES FOR FOOD AND AGRICULTURE IN KENYA",
institution= "Food and Agriculture Organisation of the United States",
year="2009",
note="Compiled by Wambugu P.W. and Muthamia Z.K, Kenya Agricultural Research Institute, National Genebank of Kenya"
url = "http://www.fao.org/docrep/013/i1500e/Kenya.pdf",
}


@techreport{CSI,
author="Daniel Maxwell and Richard Caldwell",
title="The Coping Strategies Index: Field Methods Manual - Second Edition",
institution="World Food Programme (WFP) and Cooperative for Assistance and Relief Everywhere, Inc. (CARE)",
year="2008",
}